001  0000243
005  20170905171953.236
008  170905s||||     bl|||||||||||||||||por|u
020    $a9788573342581
040    $aPorto Alegre$bpor
245 10 $aRoda de capoeira e ofício dos mestres de capoeira$cInstituto do Patrimônio Histórico e Artístico Nacional
260    $aBrasília$bIphan$c2014
300    $a148 p.
490 0  $aDossiê Iphan$v12
650    $aPatrimônio Imaterial
650    $aInstituto do Patrimônio Histórico e Artístico Nacional
650    $aCapoeira
